@misc{mypy,
	title={{mypy - Optional Static Typing for Python}},
	howpublished = {\url{http://mypy-lang.org}},
}

@MastersThesis{porto,
	author = {E. Maia},
	title = {{Inferência de tipos em Python}},
	school = {Universidade do Porto},
	address = {the Netherlands},
	year = {2010},
}

@report{z3,
	author = {L. Moura and N. Bjørner},
	title = {Z3: An Efficient SMT Solver},
	institution = {Microsoft Research},
	date = {2008},
}

@misc{ast_documentation,
	title={{Python AST docs}},
	howpublished = {\url{http://greentreesnakes.readthedocs.io}},
}

@manual{484,
	author = {G. Rossum and J. Lehtosalo and Ł. Langa},
	title = {PEP 484 - Type Hints},
	date = {2014},
	OPTurl = {https://www.python.org/dev/peps/pep-0484/},
}

@manual{526,
	author = {R. Gonzalez and P. House and I. Levkivskyi and L. Roach and G. Rossum 
	},
	title = {PEP 484 - Type Hints},
	date = {2014},
	OPTurl = {https://www.python.org/dev/peps/pep-0484/},
}

@online{expz3,
	author = {L. Moura},
	title = {Experiments in Software Verification using SMT Solvers},
	date = {2008},
	organization = {Microsoft Research},
}

